@misc{L01,
	author       = {IPN},
	title        = {Título profesional IPN},
	howpublished = {\url{https://www.ipn.mx/dae/tramites/título-profesional.html}},
	note         = {Último acceso: 20 de noviembre de 2024},
	year         = {2023}
}

@misc{L02,
	author       = {IPN},
	title        = {Evaluación a título de suficiencia},
	howpublished = {\url{https://www.cecyt18.ipn.mx/gestionescolar/evaluaciontitulo.html}},
	note         = {Último acceso: 19 de noviembre de 2024},
	year         = {2023}
}

@misc{L03,
	author       = {UNAM},
	title        = {Seguridad Escolar},
	howpublished = {\url{https://www.dgire.unam.mx/webdgire/contenido_wp/documentos/seguridadescolar/}},
	note         = {Último acceso: 20 de Noviembre del 2024},
	year         = {2022}
}

@misc{L04,
	author       = {Mark Andrejevic Neil Selwyn},
	title        = {Facial recognition technology in schools: critical questions and concerns},
	howpublished = {\url{10.1080/17439884.2020.1686014}},
	note         = {Último acceso: 20 de Noviembre del 2024},
	year         = {2019}
}

@misc{L05,
	author       = {Juan Manuel Hernández Vázquez},
	title        = {Inseguridad escolar y problemas académicos en una universidad pública mexicana},
	howpublished = {\url{https://www.redalyc.org/journal/5216/521665144011/html/}},
	note         = {Último acceso: 20 de Noviembre del 2024},
	year         = {2021}
}

@misc{L06,
	author       = {CSIS},
	title        = {How Accurate are Facial Recognition Systems and Why Does It Matter?},
	howpublished = {\url{https://www.csis.org/blogs/strategic-technologies-blog/how-accurate-are-facial-recognition-systems-and-why-does-it}},
	note         = {Último acceso: 20 de Noviembre del 2024},
	year         = {}
}
@misc{L07,
	author       = {H. Dhaduk},
	title        = {10 software architecture Patterns You Must know about},
	howpublished = {\url{https://www.simform.com/blog/software-architecture-patterns/}},
	note         = {Último acceso: 20 de Octubre del 2024},
	year         = {2023}
}

@misc{L08,
	author       = {W. Vicky},
	title        = {14 software architecture design patterns to know},
	howpublished = {\url{https://www.redhat.com/en/blog/14-software-architecture-patterns}},
	note         = {Último acceso: 20 de Octubre del 2024},
	year         = {2022}
}

@misc{L09,
	author       = {GeeksforGeeks},
	title        = {Software Architectural Patterns in System Design},
	howpublished = {\url{https://www.geeksforgeeks.org/design-patterns-architecture/}},
	note         = {Último acceso: 20 de Octubre del 2024},
	year         = {2024}
}

@misc{L10,
	author       = {D. S. Carter},
	title        = {Tensorflow — Neural Network playground},
	howpublished = {\url{https://playground.tensorflow.org/}},
	note         = {Último acceso: 21 de Octubre del 2024},
	year         = {2022}
}

@misc{L11,
	author       = {IBM},
	title        = {What is a Neural Network?},
	howpublished = {\url{https://www.ibm.com/topics/neural-networks}},
	note         = {Último acceso: 22 de Octubre del 2024},
	year         = {2023}
}

@misc{L12,
	author       = {GeeksforGeeks},
	title        = {What is a neural network?},
	howpublished = {\url{https://www.geeksforgeeks.org/neural-networks-a-beginners-guide/}},
	note         = {Último acceso: 22 de Octubre del 2024},
	year         = {2024}
}

@misc{L13,
	author       = {S. Rawat},
	title        = {Advantages and Disadvantages of Neural Networks | Analytics Steps},
	howpublished = {\url{https://www.analyticssteps.com/blogs/advantages-and-disadvantages-neural-networks}},
	note         = {Último acceso: 22 de Octubre del 2024},
	year         = {2022}
}

@misc{L14,
	author       = {V. Gupta},
	title        = {Face Recognition for Beginners - Nearly Everything You Need to Know},
	howpublished = {\url{https://learnopencv.com/face-recognition-an-introduction-for-beginners/}},
	note         = {Último acceso: 24 de Octubre del 2024},
	year         = {2022}
}

@misc{L15,
	author       = {S. Chandhok},
	title        = {Face Recognition with Siamese Networks, Keras, and TensorFlow - PyImageSearch},
	howpublished = {\url{https://pyimagesearch.com/2023/01/09/face-recognition-with-siamese-networks-keras-and-tensorflow/}},
	note         = {Último acceso: 24 de Octubre del 2024},
	year         = {2023}
}

@misc{L16,
	author       = {Varun},
	title        = {What is Face Detection? Ultimate Guide 2023 + Model Comparison},
	howpublished = {\url{https://learnopencv.com/what-is-face-detection-the-ultimate-guide/}},
	note         = {Último acceso: 24 de Octubre del 2024},
	year         = {2023}
}

@misc{L17,
	author       = {B. Kromydas},
	title        = {Convolutional Neural Network: A complete guide},
	howpublished = {\url{https://learnopencv.com/understanding-convolutional-neural-networks-cnn/}},
	note         = {Último acceso: 25 de Octubre del 2024},
	year         = {2024}
}

@misc{CitaD1,
  author       = {Enciclopedia Significados},
  title        = {Sistema Operativo (qué es, características, tipos y ejemplos)},
  howpublished = {\url{https://www.significados.com/sistema-operativo/}},
  note         = {Último acceso: 18 de noviembre de 2024},
  year         = {8 de julio de 2024}
}

@misc{CitaD2,
  author       = {Universitat Carlemany},
  title        = {Tipos de sistemas operativos y sus características},
  howpublished = {\url{https://www.universitatcarlemany.com/actualidad/blog/tipos-de-sistemas-operativos/}},
  note         = {Último acceso: 18 de noviembre de 2024},
  year         = {14 de junio del 2023}
}

@misc{CitaD3,
  author       = {R. Adeva},
  title        = {Qué es Android: todo sobre el sistema operativo de Google},
  howpublished = {\url{https://www.adslzone.net/reportajes/software/que-es-android/}},
  note         = {Último acceso: 18 de noviembre de 2024},
  year         = {18 de Julio del 2024}
}

@misc{CitaD4,
  author       = {SoftwareLab},
  title        = {¿Qué es Android? Todo lo que necesita saber},
  howpublished = {\url{https://softwarelab.org/es/blog/que-es-android/}},
  note         = {Último acceso: 18 de noviembre de 2024},
  year         = {24 de enero del 2024}
}

@misc{CitaD5,
  author       = {Gr, R.},
  title        = {Todo sobre iOS, el sistema operativo de Apple},
  howpublished = {\url{https://www.adslzone.net/reportajes/software/que-es-ios/}},
  note         = {Último acceso: 18 de noviembre de 2024},
  year         = {12 de julio del 2024.}
}

@misc{CitaD6,
  author       = {SoftwareLab},
  title        = {¿Qué es iOS? Todo lo que necesita saber},
  howpublished = {\url{https://softwarelab.org/es/blog/que-es-ios/}},
  note         = {Último acceso: 18 de noviembre de 2024},
  year         = {16 de enero del 2024}
}

@misc{CitaD7,
  author       = {Vidal, S.},
  title        = {¿Cómo funciona el sistema operativo Windows?},
  howpublished = {\url{https://tecnobits.com/como-funciona-el-sistema-operativo-windows/}},
  note         = {Último acceso: 18 de noviembre de 2024},
  year         = {20 de julio del 2023}
}

@misc{CitaD8,
  author       = {Florentín, B.},
  title        = {MacOS (sistema operativo). ConceptoABC},
  howpublished = {\url{https://conceptoabc.com/macos/#Caracteristicas}},
  note         = {Último acceso: 18 de noviembre de 2024},
  year         = {10 de mayo del 2021}
}

@misc{CitaD9,
  author       = {GCFGlobal.org},
  title        = {Informática Básica: Sistemas operativos: la familia Unix},
  howpublished = {\url{https://edu.gcfglobal.org/es/informatica-basica/sistemas-operativos-la-familia-unix/1/}},
  note         = {Último acceso: 18 de noviembre de 2024},
  year         = {(s. f.)}
}

@misc{CitaD10,
  author       = {U. M. Monterde},
  title        = {Lenguajes de Programación},
  howpublished = {\url{https://repositorio-uapa.cuaieed.unam.mx/repositorio/moodle/pluginfile.php/2655/mod_resource/content/1/UAPA-Lenguajes-Programacion/index.html}},
  note         = {Último acceso: 18 de noviembre de 2024},
  year         = {(s. f.)}
}

@misc{CitaD11,
  author       = {Blog Coders Free},
  title        = {¿Qué es el lenguaje de programación orientada a objetos (POO)?},
  howpublished = {\url{https://codersfree.com/posts/que-es-lenguaje-programacion-orientada-a-objetos}},
  note         = {Último acceso: 18 de noviembre de 2024},
  year         = {(s. f.)}
}

@misc{CitaD12,
  author       = {Aula21},
  title        = {Python: qué es, para qué sirve y cómo se programa | Informática Industrial},
  howpublished = {\url{https://www.cursosaula21.com/que-es-python/}},
  note         = {Último acceso: 18 de noviembre de 2024},
  year         = {23 de mayo del 2023}
}

@misc{CitaD13,
  author       = {TripleTen},
  title        = {¿Qué es Java y por qué la necesito? | TripleTen México},
  howpublished = {\url{https://tripleten.mx/blog/que-es-java-y-por-que-la-necesito/}},
  note         = {Último acceso: 18 de noviembre de 2024},
  year         = {20 de noviembre del 2024}
}

@misc{CitaD14,
  author       = {Plain Concepts},
  title        = {¿Qué es Kotlin y para qué sirve?},
  howpublished = {\url{https://www.plainconcepts.com/es/kotlin-android/}},
  note         = {Último acceso: 18 de noviembre de 2024},
  year         = {5 de septiembre del 2023}
}

@misc{CitaD15,
  author       = {IBM},
  title        = {API},
  howpublished = {\url{https://www.ibm.com/mx-es/topics/api}},
  note         = {Último acceso: 18 de noviembre de 2024},
  year         = {14 de octubre del 2024}
}

@misc{CitaD16,
  author       = {Aplicaciones-AI},
  title        = {Introducción a OpenCV para principiantes},
  howpublished = {\url{https://aplicaciones-ai.com/opencv/}},
  note         = {Último acceso: 18 de noviembre de 2024},
  year         = {16 de julio del 2024}
}

@misc{CitaD17,
  author       = {S. Gonzalez},
  title        = {¿Qué es la licencia BSD?},
  howpublished = {\url{https://appmaster.io/es/blog/que-es-la-licencia-bsd}},
  note         = {Último acceso: 18 de noviembre de 2024},
  year         = {25 de enero del 2023}
}

@misc{CitaD18,
  author       = {Redhat},
  title        = {¿Qué es y para qué sirve un IDE?},
  howpublished = {\url{https://www.redhat.com/es/topics/middleware/what-is-ide}},
  note         = {Último acceso: 18 de noviembre de 2024},
  year         = {(s. f.)}
}

@misc{CitaD19,
  author       = {EduTools},
  title        = {Android Studio | EduTools},
  howpublished = {\url{https://edutools.tec.mx/es/colecciones/tecnologias/android-studio}},
  note         = {Último acceso: 18 de noviembre de 2024},
  year         = {(s. f.)}
}

@misc{CitaD20,
  author       = {Y. Muradas},
  title        = {Qué es Gradle: La herramienta para ser más productivo desarrollando},
  howpublished = {\url{https://openwebinars.net/blog/que-es-gradle/}},
  note         = {Último acceso: 18 de noviembre de 2024},
  year         = {25 de febrero del 2020}
}

@misc{CitaD21,
  author       = {J. A. Saavedra},
  title        = {Qué es Github y para qué sirve: una guía para principiantes},
  howpublished = {\url{https://ebac.mx/blog/que-es-github}},
  note         = {Último acceso: 18 de noviembre de 2024},
  year         = {4 de junio del 2023}
}

@misc{CitaA01,
  author       = {J. L. Bustos},
  title        = {Qué es Jetpack Compose},
  howpublished = {\url{https://keepcoding.io/blog/que-es-jetpack-compose/}},
  note         = {Último acceso: 10 de noviembre de 2024},
  year         = {25 de abril del 2024}
}

@misc{CitaA02,
  author       = {L. Nunez},
  title        = {Tipos de aplicaciones,características, ejemplos y comparativas},
  howpublished = {\url{https://emma.io/blog/}},
  note         = {Último acceso: 10 de noviembre de 2024},
  year         = {31 de enero del 2023}
}

@misc{CitaA03,
  author       = {Amazon Web Services},
  title        = {Qué es XML},
  howpublished = {\url{https://aws.amazon.com/es/what-is/xml/}},
  note         = {Último acceso: 11 de noviembre de 2024},
  year         = {(s.f)}
}

@misc{CitaA04,
  author       = {IONOS},
  title        = {XML: un vistazo al Extensible Markup Language},
  howpublished = {\url{https://www.ionos.mx/digitalguide/}},
  note         = {Último acceso: 11 de noviembre de 2024},
  year         = {03 de noviembre de 2022}
}

@misc{CitaAJ01,
  author       = {IBM},
  title        = {¿Qué es Java Spring Boot? | IBM},
  howpublished = {\url{ https://www.ibm.com/mx-es/topics/java-spring-boot}},
  note         = {Último acceso: 20 de noviembre de 2024},
  year         = {17 de julio de 2023}
}

@misc{CitaAJ02,
  author       = {R. Maldonado},
  title        = {Spring Boot: Herramienta para desarrollar aplicaciones web},
  howpublished = {\url{https://keepcoding.io/blog/que-es-spring-boot/}},
  note         = {Último acceso: 20 de noviembre de 2024},
  year         = {13 de septiembre de 2024}
}

@misc{CitaAJ03,
  author       = {J. M. Alarcón},
  title        = {La API de persistencia de Java: ¿Qué es JPA? - JPA vs Hibernate vs EclipseLink vs Spring JPA - campusMVP.es},
  howpublished = {\url{https://www.campusmvp.es/recursos/post/la-api-de-persistencia-de-java-que-es-jpa-jpa-vs-hibernate-vs-eclipselink-vs-spring-jpa.aspx}},
  note         = {Último acceso: 20 de noviembre de 2024},
  year         = {}
}

@misc{CitaAJ04,
  author       = {IBM},
  title        = {Java Persistence API (JPA)},
  howpublished = {\url{https://www.ibm.com/docs/es/was-liberty/nd?topic=liberty-java-persistence-api-jpa}},
  note         = {Último acceso: 20 de noviembre de 2024},
  year         = {30 de enero de 2024}
}

@misc{CitaAJ05,
  author       = {IBM},
  title        = {¿Qué es PostgreSQL?  | IBM},
  howpublished = {\url{https://www.ibm.com/mx-es/topics/postgresql}},
  note         = {Último acceso: 15 de noviembre de 2024},
  year         = {2 de octubre de 2023}
}

@misc{CitaAJ06,
  author       = {B. V y B. V},
  title        = {Qué es un SGBD: Guía completa sobre los sistemas de gestión de bases de datos},
  howpublished = {\url{hhttps://www.hostinger.mx/tutoriales/sgbd}},
  note         = {Último acceso: 15 de noviembre de 2024},
  year         = {2 de mayo de 2023}
}

@misc{CitaAJ07,
  author       = {},
  title        = {Capa de persistencia},
  howpublished = {\url{https://help.hcl-software.com/commerce/9.1.0/es/developer/concepts/csdpersistbase.html#:~:text=La%20capa%20de%20persistencia%20correlaciona,en%20objetos%20denominados%20SDO%20f%C3%ADsicos}},
  note         = {Último acceso: 15 de noviembre de 2024},
  year         = {}
}

@misc{CitaAJ08,
  author       = {Microsoft},
  title        = {Conceptos básicos sobre bases de datos - Soporte técnico de Microsoft},
  howpublished = {\url{https://support.microsoft.com/es-es/topic/conceptos-b%C3%A1sicos-sobre-bases-de-datos-a849ac16-07c7-4a31-9948-3c8c94a7c204 }},
  note         = {Último acceso: 15 de noviembre de 2024},
  year         = {}
}

@misc{CitaAJ09,
  author       = {Oracle},
  title        = {What Is a Database},
  howpublished = {\url{https://www.oracle.com/mx/database/what-is-database/}},
  note         = {Último acceso: 15 de noviembre de 2024},
  year         = {24 de noviembre de 2020}
}

@misc{CitaAJ10,
  author       = {Maldeadora},
  title        = {Bases de datos: qué tipos existen y cómo funcionan},
  howpublished = {\url{https://platzi.com/blog/bases-de-datos-que-son-que-tipos-existen/}},
  note         = {Último acceso: 15 de noviembre de 2024},
  year         = {24 de noviembre de 2020}
}

@misc{CitaAJ11,
  author       = {J. Larque},
  title        = {Tipos de bases de datos: cuáles hay y por qué es importante elegirlos bien},
  howpublished = {\url{https://www.hiberus.com/crecemos-contigo/tipos-de-bases-de-datos-cuales-hay-y-por-que-es-importante-elegirlos-bien}},
  note         = {Último acceso: 15 de noviembre de 2024},
  year         = {4 de junio de 2024}
}

@misc{CitaAJ12,
  author       = {Arsys},
  title        = {Tipos de bases de datos que existen},
  howpublished = {\url{https://www.arsys.es/blog/tipos-de-bases-de-datos-que-existen}},
  note         = {Último acceso: 15 de noviembre de 2024},
  year         = {}
}















@online{woodrow,
    author  = {SPOT},
    title   = {Una breve historia del reconocimiento facial | VISION Blog},
    year    = {2019},
    url     = {https://spotcloud.medium.com/una-breve-historia-del-reconocimiento-facial-vision-blog-5a76fdfe4865},
    urldate = {2024-02-20}
}

@online{D1,

    author  = {E.A. Briones},
    title   = {Sistema web de reconocimiento facial para control de acceso biométrico, utilizando inteligencia artificial},
    year    = {2020},
    url     = {https://upcommons.upc.edu/bitstream/handle/2117/129220/memoria.pdf?sequence=1&isAllowed=y},
    urldate = {2024-02-26}

}

@PHDTHESIS{D3,
  author =       {P.J.J. V\'azquez'},
  title =        {{Sistema de reconocimiento de rostros utilizando redes neuronales artificiales}},
  school =       {Universidad Aut\'onoma del Estado de M\'exico},
  year =         {2011},
  type =         {},
  month =        {Julio}
}

@article{D4,
title = {PCA in studying coordination and variability: a tutorial},
journal = {Clinical Biomechanics},
volume = {19},
number = {4},
pages = {415-428},
year = {2004},
issn = {0268-0033},
doi = {https://doi.org/10.1016/j.clinbiomech.2004.01.005},
url = {https://www.sciencedirect.com/science/article/pii/S0268003304000166},
author = {Andreas Daffertshofer and Claudine J.C. Lamoth and Onno G. Meijer and Peter J. Beek}
}

@INPROCEEDINGS{9753931,
  author={M, Ashwin Shenoy and Thillaiarasu, N.},
  booktitle={2022 6th International Conference on Computing Methodologies and Communication (ICCMC)}, 
  title={A Survey on Different Computer Vision Based Human Activity Recognition for Surveillance Applications}, 
  year={2022},
  volume={},
  number={},
  pages={1372-1376},
  keywords={Computer vision;Surveillance;Face recognition;Education;Medical services;Activity recognition;Streaming media;Human activity recognition computer vision;video surveillance application;predicting activity},
  doi={10.1109/ICCMC53470.2022.9753931}
  }



@InProceedings{10.1007/978-3-031-53085-2_22,
    author={Joshi, Neeraj and Martha, Sheshikala and Chaudhary, Shivam and Consul, Prakhar and Singh, Sushil Kumar},
    editor={Santosh, KC and Makkar, Aaisha and Conway, Myra and Singh, Ashutosh K. and Vacavant, Antoine and Abou el Kalam, Anas and Bouguelia, Mohamed-Rafik and Hegadi, Ravindra},
    title={Deep Neural Networks Based Security Solution for ATM Transactions},
    booktitle={Recent Trends in Image Processing and Pattern Recognition},
    year={2024},
    publisher={Springer Nature Switzerland},
    address={Cham},
    pages={265-275},
    isbn={978-3-031-53085-2}
}

@online{piSESNSP,
    author  = {Jesús Navarrete Lezama},
    title   = {Robos a Sucursales bancarias y fraudes, al alza},
    year    = {2024},
    url     = {https://planoinformativo.com/978439/robos-a-sucursales-bancarias-y-fraudes-al-alza/?fbclid=IwAR0jIK_chsFA_dul_oFrGItbpzaWWCM8dAeXhv2TNF9PtTY5MSN2_vSPhtU},
    urldate = {2024-02-29}
}

@online{ESDM,
    author  = {Manuel Cosme},
    title   = {En 5 años, sólo 4 detenidos por robar bancos en CDMX},
    year    = {2023},
    url     = {https://www.elsoldemexico.com.mx/metropoli/cdmx/en-5-anos-solo-4-detenidos-por-robar-bancos-en-cdmx-9675137.html/amp?fbclid=IwAR3ojCUgORwQlJMA4Kr64MCW_zhG6KANVvtPHUPiOEeTFxP6oRYDJ5bKhGo},
    urldate = {2024-02-29}
    
}

@online{IDISE,
    author  = {Juan Manuel Hernández Vázquez and Javier Rodríguez Lagunas and Marco Antonio Leyva Piña},
    title   = {Inseguridad escolar y problemas académicos en una universidad pública mexicana},
    year    = {2021},
    url     = {https://www.redalyc.org/journal/5216/521665144011/html/},
    urldate = {2024-03-04}
}

@online{GDGMex,
    author  = {René Juárez Cisneros},
    title   = {ASUNTO CONCLUIDO DE CONFORMIDAD CON EL 'ACUERDO DE LA MESA DIRECTIVA PARA LA CONCLUSIÓN DE INICIATIVAS PRESENTADAS POR SENADORES QUE SE ENCUENTRAN PENDIENTES DE DICTAMEN EN LA CÁMARA DE SENADORES', DE FECHA 30 DE ABRIL DE 2018},
    year    = {2016},
    url     = {https://www.senado.gob.mx/65/gaceta_del_senado/documento/65581#:~:text=-%20Comete%20el%20delito%20de%20suplantación sí%20o%20para%20otra%20persona.},
    urldate = {2024-03-15}
}
@online{GDGMex2,
    author  = {Arturo Zamora Jiménez},
    title   = {PUNTO DE ACUERDO QUE PRESENTA EL SENADOR ARTURO ZAMORA JIMÉNEZ MEDIANTE EL CUAL SE EXHORTA A LA COMISIÓN NACIONAL BANCARIA Y DE VALORES (CNBV), A LA COMISIÓN NACIONAL PARA LA PROTECCIÓN Y DEFENSA DE LOS USUARIOS DE SERVICIOS FINANCIEROS (CONDUSEF), A LA ASOCIACIÓN DE BANCOS DE MÉXICO (ABM) Y AL  INSTITUTO NACIONAL ELECTORAL (INE), A FORTALECER LOS MECANISMOS DE DENUNCIA Y COORDINACIÓN, EN CASOS DE ROBO O EXTRAVIÓ DE CREDENCIALES DE ELECTOR, PARA EVITAR SU USO EN FRAUDES, SUPLANTACIÓN DE IDENTIDAD Y OTROS DELITOS.},
    year    = {2017},
    url     = {https://www.senado.gob.mx/65/gaceta_del_senado/documento/68892},
    urldate = {2024-03-15}
}
@online{PublimetroSI,
    author  = {Mario Mendoza Rojas},
    title   = {Robo de identidad acecha hospitales y escuelas; hay 40 millones de ataques al día},
    year    = {2023},
    url     = {https://www.publimetro.com.mx/noticias/2023/04/17/robo-de-identidad-hospitales-escuelas-y-gobierno-las-nuevas-victimas/},
    urldate = {2024-03-15}
}

@misc{Website,
  author = {Ekman, Paul},
  title = {Paul Ekman's Research on Facial Expressions},
  year = {2024},
  url = {https://www.paulekman.com},
  note = {Último acceso: 6 de marzo de 2024}
}

@INPROCEEDINGS{tesis,
  author={Kshirsagar, V.P. and Baviskar, M.R. and Gaikwad, M.E.},
  booktitle={2011 3rd International Conference on Computer Research and Development}, 
  title={Face recognition using Eigenfaces}, 
  year={2011},
  volume={2},
  number={},
  pages={302-306},
  keywords={Face;Face recognition;Feature extraction;Training;Vectors;Jacobian matrices;Covariance matrix;Face Recognition;Principal Component Analysis Eigenfaces;Eigen values;Eigenvector},
  doi={10.1109/ICCRD.2011.5764137}}

@PHDTHESIS{PUCE,
  author =       {FRANKLIN ISMAEL PAZMIÑO TORRES},
  title =        {SISTEMA WEB CON RECONOCIMIENTO FACIAL PARA LA ESCUELA “UNIDAD EDUCATIVA ULPIANO NAVARRO},
  school =       {Pontificia Universidad Católica del Ecuador},
  year =         {2021},
  type =         {},
  month =        {Agosto},
}
@PHDTHESIS{RecFacPython,
  author =       {Jorge Lira Camargo and Erick Taipe Valencia and Alex Gustavo Roda Miranda and Luis Diego Huaman Baca and Ronald Edwin Astudillo Aquino and Luis Gerónimo Lira Camargo},
  title =        {Propuesta del reconocimiento facial con el uso de Python},
  school =       {Universidad Nacional Federico Villarreal Lima},
  year =         {2022},
  type =         {},
  month =        {Junio},
}


@online{CALF,
    author  = {Lorena Fernández},
    title   = {Control de acceso: qué es y cómo ayuda a proteger nuestros datos},
    year    = {2023},
    url     = {https://www.publimetro.com.mx/noticias/2023/04/17/robo-de-identidad-hospitales-escuelas-y-gobierno-las-nuevas-victimas/},
    urldate = {2024-03-15}
}

@online{UNAMSE,
    author  = {UNAM},
    title   = {Seguridad Escolar},
    year    = {2022},
    url     = {https://www.dgire.unam.mx/webdgire/contenido_wp/documentos/seguridadescolar/},
    urldate = {2024-03-15}
}

@article{FacialR,
author = {Mark Andrejevic & Neil Selwyn},
title = {Facial recognition technology in schools: critical questions and concerns},
journal = {Learning, Media and Technology},
year = {2019},
number = {2},
pages = {115-128},
volume = {45},
note = {},
urldate = {2024-03-15}
}

@article{FacialF,
author = {Boluma Mangata, Bopatriciat and Nkashama, Dominique and Christian, Parfum and Muamba, Donatien},
year = {2022},
pages = {69},
title = {COMPARATIVE STUDIES BETWEEN A FACIAL RECOGNITION SYSTEM AND A FINGERPRINT RECOGNITION SYSTEM FOR ACCESS CONTROL},
volume = {6},
journal = {IJISCS (International Journal of Information System and Computer Science)},
pages = {69},
urldate = {2024-03-15}
}

@PHDTHESIS{PUCPSB,
  author =       {Luis Eduardo Balmelli Chuquisengo},
  title =        {Verificación de Identidad de Personas mediante Sistemas Biométricos para el Control de Acceso a una Universidad},
  school =       {PONTIFICIA UNIVERSIDAD CATÓLICA DEL PERÚ Facultad de Ciencias e Ingeniería Sección de Electricidad y Electrónica},
  year =         {2006},
  type =         {},
  month =        {},
}

@misc{IM1,

    author  = {EMMA},
    title   = {Tipos de aplicaciones, características, ejemplos y comparativa | EMMA”.|},
    year    = {(s.f)},
    howpublished = {\url{https://emma.io/blog/tipos-aplicaciones-caracteristicas-ejemplos/}},
    note = {Último acceso: 28 de noviembre de 2024}

}

@misc{IM2,

    author  = {Sistema de Información Científica Redalyc, Red de Revistas Científicas},
    title   = {Modelos de Desarrollo de Software},
    year    = {(s.f)},
    howpublished = {\url{https://www.redalyc.org/journal/3783/378366538003/html/}},
    note = {Último acceso: 28 de noviembre de 2024}

}
